%YAML 1.1
%TAG !u! tag:unity3d.com,2011:
--- !u!29 &1
OcclusionCullingSettings:
  m_ObjectHideFlags: 0
  serializedVersion: 2
  m_OcclusionBakeSettings:
    smallestOccluder: 5
    smallestHole: 0.25
    backfaceThreshold: 100
  m_SceneGUID: 00000000000000000000000000000000
  m_OcclusionCullingData: {fileID: 0}
--- !u!104 &2
RenderSettings:
  m_ObjectHideFlags: 0
  serializedVersion: 8
  m_Fog: 0
  m_FogColor: {r: 1, g: 1, b: 1, a: 1}
  m_FogMode: 3
  m_FogDensity: 0.005
  m_LinearFogStart: 0
  m_LinearFogEnd: 300
  m_AmbientSkyColor: {r: 0.43137255, g: 0.47058824, b: 0.54901963, a: 1}
  m_AmbientEquatorColor: {r: 0.43137255, g: 0.47058824, b: 0.54901963, a: 1}
  m_AmbientGroundColor: {r: 0.15686275, g: 0.15686275, b: 0.23529412, a: 1}
  m_AmbientIntensity: 1
  m_AmbientMode: 3
  m_SubtractiveShadowColor: {r: 0.42, g: 0.478, b: 0.627, a: 1}
  m_SkyboxMaterial: {fileID: 2100000, guid: bf1bf92a3ce592e40b898be6c21cc2fa, type: 2}
  m_HaloStrength: 0.5
  m_FlareStrength: 1
  m_FlareFadeSpeed: 3
  m_HaloTexture: {fileID: 0}
  m_SpotCookie: {fileID: 10001, guid: 0000000000000000e000000000000000, type: 0}
  m_DefaultReflectionMode: 0
  m_DefaultReflectionResolution: 128
  m_ReflectionBounces: 1
  m_ReflectionIntensity: 1
  m_CustomReflection: {fileID: 8900000, guid: a7bed68887a07e34394d4191b3081359, type: 3}
  m_Sun: {fileID: 0}
  m_IndirectSpecularColor: {r: 0.24939394, g: 0.31173864, b: 0.36743417, a: 1}
--- !u!157 &4
LightmapSettings:
  m_ObjectHideFlags: 0
  serializedVersion: 11
  m_GIWorkflowMode: 0
  m_GISettings:
    serializedVersion: 2
    m_BounceScale: 1
    m_IndirectOutputScale: 1
    m_AlbedoBoost: 1
    m_TemporalCoherenceThreshold: 1
    m_EnvironmentLightingMode: 0
    m_EnableBakedLightmaps: 1
    m_EnableRealtimeLightmaps: 0
  m_LightmapEditorSettings:
    serializedVersion: 9
    m_Resolution: 1
    m_BakeResolution: 50
    m_TextureWidth: 1024
    m_TextureHeight: 1024
    m_AO: 1
    m_AOMaxDistance: 1
    m_CompAOExponent: 1
    m_CompAOExponentDirect: 0
    m_Padding: 2
    m_LightmapParameters: {fileID: 0}
    m_LightmapsBakeMode: 1
    m_TextureCompression: 0
    m_FinalGather: 0
    m_FinalGatherFiltering: 1
    m_FinalGatherRayCount: 1024
    m_ReflectionCompression: 2
    m_MixedBakeMode: 1
    m_BakeBackend: 0
    m_PVRSampling: 1
    m_PVRDirectSampleCount: 32
    m_PVRSampleCount: 500
    m_PVRBounces: 2
    m_PVRFilterTypeDirect: 0
    m_PVRFilterTypeIndirect: 0
    m_PVRFilterTypeAO: 0
    m_PVRFilteringMode: 0
    m_PVRCulling: 1
    m_PVRFilteringGaussRadiusDirect: 1
    m_PVRFilteringGaussRadiusIndirect: 5
    m_PVRFilteringGaussRadiusAO: 2
    m_PVRFilteringAtrousPositionSigmaDirect: 0.5
    m_PVRFilteringAtrousPositionSigmaIndirect: 2
    m_PVRFilteringAtrousPositionSigmaAO: 1
  m_LightingDataAsset: {fileID: 0}
  m_UseShadowmask: 0
--- !u!196 &5
NavMeshSettings:
  serializedVersion: 2
  m_ObjectHideFlags: 0
  m_BuildSettings:
    serializedVersion: 2
    agentTypeID: 0
    agentRadius: 0.5
    agentHeight: 2
    agentSlope: 45
    agentClimb: 0.4
    ledgeDropHeight: 0
    maxJumpAcrossDistance: 0
    minRegionArea: 2
    manualCellSize: 0
    cellSize: 0.16666666
    manualTileSize: 0
    tileSize: 256
    accuratePlacement: 0
    debug:
      m_Flags: 0
  m_NavMeshData: {fileID: 0}
--- !u!1001 &6063820
Prefab:
  m_ObjectHideFlags: 0
  serializedVersion: 2
  m_Modification:
    m_TransformParent: {fileID: 948835974}
    m_Modifications:
    - target: {fileID: 400006, guid: 95bbe2885334e3c46b79c3419edb469c, type: 2}
      propertyPath: m_LocalPosition.x
      value: 0
      objectReference: {fileID: 0}
    - target: {fileID: 400006, guid: 95bbe2885334e3c46b79c3419edb469c, type: 2}
      propertyPath: m_LocalPosition.y
      value: -0.01
      objectReference: {fileID: 0}
    - target: {fileID: 400006, guid: 95bbe2885334e3c46b79c3419edb469c, type: 2}
      propertyPath: m_LocalPosition.z
      value: 0
      objectReference: {fileID: 0}
    - target: {fileID: 400006, guid: 95bbe2885334e3c46b79c3419edb469c, type: 2}
      propertyPath: m_LocalRotation.x
      value: 0
      objectReference: {fileID: 0}
    - target: {fileID: 400006, guid: 95bbe2885334e3c46b79c3419edb469c, type: 2}
      propertyPath: m_LocalRotation.y
      value: 0
      objectReference: {fileID: 0}
    - target: {fileID: 400006, guid: 95bbe2885334e3c46b79c3419edb469c, type: 2}
      propertyPath: m_LocalRotation.z
      value: 0
      objectReference: {fileID: 0}
    - target: {fileID: 400006, guid: 95bbe2885334e3c46b79c3419edb469c, type: 2}
      propertyPath: m_LocalRotation.w
      value: 1
      objectReference: {fileID: 0}
    - target: {fileID: 400006, guid: 95bbe2885334e3c46b79c3419edb469c, type: 2}
      propertyPath: m_RootOrder
      value: 0
      objectReference: {fileID: 0}
    - target: {fileID: 100000, guid: 95bbe2885334e3c46b79c3419edb469c, type: 2}
      propertyPath: m_IsActive
      value: 0
      objectReference: {fileID: 0}
    - target: {fileID: 100004, guid: 95bbe2885334e3c46b79c3419edb469c, type: 2}
      propertyPath: m_IsActive
      value: 1
      objectReference: {fileID: 0}
    - target: {fileID: 400006, guid: 95bbe2885334e3c46b79c3419edb469c, type: 2}
      propertyPath: m_LocalScale.x
      value: 0.6
      objectReference: {fileID: 0}
    - target: {fileID: 400006, guid: 95bbe2885334e3c46b79c3419edb469c, type: 2}
      propertyPath: m_LocalScale.z
      value: 0.6
      objectReference: {fileID: 0}
    - target: {fileID: 100002, guid: 95bbe2885334e3c46b79c3419edb469c, type: 2}
      propertyPath: m_IsActive
      value: 0
      objectReference: {fileID: 0}
    - target: {fileID: 100006, guid: 95bbe2885334e3c46b79c3419edb469c, type: 2}
      propertyPath: m_IsActive
      value: 1
      objectReference: {fileID: 0}
    m_RemovedComponents: []
  m_ParentPrefab: {fileID: 100100000, guid: 95bbe2885334e3c46b79c3419edb469c, type: 2}
  m_IsPrefabParent: 0
--- !u!4 &6063821 stripped
Transform:
  m_PrefabParentObject: {fileID: 400006, guid: 95bbe2885334e3c46b79c3419edb469c, type: 2}
  m_PrefabInternal: {fileID: 6063820}
--- !u!1001 &44626206
Prefab:
  m_ObjectHideFlags: 0
  serializedVersion: 2
  m_Modification:
    m_TransformParent: {fileID: 1627436464}
    m_Modifications:
    - target: {fileID: 4737036553374734, guid: 43e591186fce50842b409bf90b13151f, type: 2}
      propertyPath: m_LocalPosition.x
      value: 5.29
      objectReference: {fileID: 0}
    - target: {fileID: 4737036553374734, guid: 43e591186fce50842b409bf90b13151f, type: 2}
      propertyPath: m_LocalPosition.y
      value: 0.5
      objectReference: {fileID: 0}
    - target: {fileID: 4737036553374734, guid: 43e591186fce50842b409bf90b13151f, type: 2}
      propertyPath: m_LocalPosition.z
      value: 6.8
      objectReference: {fileID: 0}
    - target: {fileID: 4737036553374734, guid: 43e591186fce50842b409bf90b13151f, type: 2}
      propertyPath: m_LocalRotation.x
      value: -0
      objectReference: {fileID: 0}
    - target: {fileID: 4737036553374734, guid: 43e591186fce50842b409bf90b13151f, type: 2}
      propertyPath: m_LocalRotation.y
      value: -0
      objectReference: {fileID: 0}
    - target: {fileID: 4737036553374734, guid: 43e591186fce50842b409bf90b13151f, type: 2}
      propertyPath: m_LocalRotation.z
      value: -0
      objectReference: {fileID: 0}
    - target: {fileID: 4737036553374734, guid: 43e591186fce50842b409bf90b13151f, type: 2}
      propertyPath: m_LocalRotation.w
      value: 1
      objectReference: {fileID: 0}
    - target: {fileID: 4737036553374734, guid: 43e591186fce50842b409bf90b13151f, type: 2}
      propertyPath: m_RootOrder
      value: 2
      objectReference: {fileID: 0}
    - target: {fileID: 1367780124914610, guid: 43e591186fce50842b409bf90b13151f, type: 2}
      propertyPath: m_Name
      value: Tower (1)
      objectReference: {fileID: 0}
    m_RemovedComponents: []
  m_ParentPrefab: {fileID: 100100000, guid: 43e591186fce50842b409bf90b13151f, type: 2}
  m_IsPrefabParent: 0
--- !u!4 &44626207 stripped
Transform:
  m_PrefabParentObject: {fileID: 4737036553374734, guid: 43e591186fce50842b409bf90b13151f,
    type: 2}
  m_PrefabInternal: {fileID: 44626206}
--- !u!1001 &58014794
Prefab:
  m_ObjectHideFlags: 0
  serializedVersion: 2
  m_Modification:
    m_TransformParent: {fileID: 0}
    m_Modifications:
    - target: {fileID: 4747250349210306, guid: e88457c0fd23c2148972893035eaea56, type: 2}
      propertyPath: m_LocalPosition.x
      value: 55.1
      objectReference: {fileID: 0}
    - target: {fileID: 4747250349210306, guid: e88457c0fd23c2148972893035eaea56, type: 2}
      propertyPath: m_LocalPosition.y
      value: 1.419
      objectReference: {fileID: 0}
    - target: {fileID: 4747250349210306, guid: e88457c0fd23c2148972893035eaea56, type: 2}
      propertyPath: m_LocalPosition.z
      value: 56.8
      objectReference: {fileID: 0}
    - target: {fileID: 4747250349210306, guid: e88457c0fd23c2148972893035eaea56, type: 2}
      propertyPath: m_LocalRotation.x
      value: 0
      objectReference: {fileID: 0}
    - target: {fileID: 4747250349210306, guid: e88457c0fd23c2148972893035eaea56, type: 2}
      propertyPath: m_LocalRotation.y
      value: 0
      objectReference: {fileID: 0}
    - target: {fileID: 4747250349210306, guid: e88457c0fd23c2148972893035eaea56, type: 2}
      propertyPath: m_LocalRotation.z
      value: 0
      objectReference: {fileID: 0}
    - target: {fileID: 4747250349210306, guid: e88457c0fd23c2148972893035eaea56, type: 2}
      propertyPath: m_LocalRotation.w
      value: 1
      objectReference: {fileID: 0}
    - target: {fileID: 4747250349210306, guid: e88457c0fd23c2148972893035eaea56, type: 2}
      propertyPath: m_RootOrder
      value: 2
      objectReference: {fileID: 0}
    m_RemovedComponents: []
  m_ParentPrefab: {fileID: 100100000, guid: e88457c0fd23c2148972893035eaea56, type: 2}
  m_IsPrefabParent: 0
--- !u!1 &132823253
GameObject:
  m_ObjectHideFlags: 0
  m_PrefabParentObject: {fileID: 0}
  m_PrefabInternal: {fileID: 0}
  serializedVersion: 5
  m_Component:
  - component: {fileID: 132823254}
  - component: {fileID: 132823255}
  - component: {fileID: 132823256}
  m_Layer: 0
  m_Name: Borders
  m_TagString: Untagged
  m_Icon: {fileID: 0}
  m_NavMeshLayer: 0
  m_StaticEditorFlags: 4294967295
  m_IsActive: 1
--- !u!4 &132823254
Transform:
  m_ObjectHideFlags: 0
  m_PrefabParentObject: {fileID: 0}
  m_PrefabInternal: {fileID: 0}
  m_GameObject: {fileID: 132823253}
  m_LocalRotation: {x: 0, y: 0, z: 0, w: 1}
  m_LocalPosition: {x: 0, y: 0, z: 0}
  m_LocalScale: {x: 1, y: 1, z: 1}
  m_Children: []
  m_Father: {fileID: 6063821}
  m_RootOrder: 3
  m_LocalEulerAnglesHint: {x: 0, y: 0, z: 0}
--- !u!65 &132823255
BoxCollider:
  m_ObjectHideFlags: 0
  m_PrefabParentObject: {fileID: 0}
  m_PrefabInternal: {fileID: 0}
  m_GameObject: {fileID: 132823253}
  m_Material: {fileID: 0}
  m_IsTrigger: 1
  m_Enabled: 1
  serializedVersion: 2
  m_Size: {x: 230, y: 30, z: 230}
  m_Center: {x: 0, y: 0, z: 0}
--- !u!114 &132823256
MonoBehaviour:
  m_ObjectHideFlags: 0
  m_PrefabParentObject: {fileID: 0}
  m_PrefabInternal: {fileID: 0}
  m_GameObject: {fileID: 132823253}
  m_Enabled: 1
  m_EditorHideFlags: 0
  m_Script: {fileID: 11500000, guid: d6338b3473103f249b62048c32dbb9aa, type: 3}
  m_Name: 
  m_EditorClassIdentifier: 
--- !u!1001 &150590181
Prefab:
  m_ObjectHideFlags: 0
  serializedVersion: 2
  m_Modification:
    m_TransformParent: {fileID: 699311828}
    m_Modifications:
    - target: {fileID: 4416257070231060, guid: ef379e7c329c34244955616b9773821f, type: 2}
      propertyPath: m_LocalPosition.x
      value: 0
      objectReference: {fileID: 0}
    - target: {fileID: 4416257070231060, guid: ef379e7c329c34244955616b9773821f, type: 2}
      propertyPath: m_LocalPosition.y
      value: 0.5
      objectReference: {fileID: 0}
    - target: {fileID: 4416257070231060, guid: ef379e7c329c34244955616b9773821f, type: 2}
      propertyPath: m_LocalPosition.z
      value: 0
      objectReference: {fileID: 0}
    - target: {fileID: 4416257070231060, guid: ef379e7c329c34244955616b9773821f, type: 2}
      propertyPath: m_LocalRotation.x
      value: -0
      objectReference: {fileID: 0}
    - target: {fileID: 4416257070231060, guid: ef379e7c329c34244955616b9773821f, type: 2}
      propertyPath: m_LocalRotation.y
      value: -0
      objectReference: {fileID: 0}
    - target: {fileID: 4416257070231060, guid: ef379e7c329c34244955616b9773821f, type: 2}
      propertyPath: m_LocalRotation.z
      value: -0
      objectReference: {fileID: 0}
    - target: {fileID: 4416257070231060, guid: ef379e7c329c34244955616b9773821f, type: 2}
      propertyPath: m_LocalRotation.w
      value: 1
      objectReference: {fileID: 0}
    - target: {fileID: 4416257070231060, guid: ef379e7c329c34244955616b9773821f, type: 2}
      propertyPath: m_RootOrder
      value: 0
      objectReference: {fileID: 0}
    m_RemovedComponents: []
  m_ParentPrefab: {fileID: 100100000, guid: ef379e7c329c34244955616b9773821f, type: 2}
  m_IsPrefabParent: 0
--- !u!4 &150590182 stripped
Transform:
  m_PrefabParentObject: {fileID: 4416257070231060, guid: ef379e7c329c34244955616b9773821f,
    type: 2}
  m_PrefabInternal: {fileID: 150590181}
--- !u!1001 &241158789
Prefab:
  m_ObjectHideFlags: 0
  serializedVersion: 2
  m_Modification:
    m_TransformParent: {fileID: 442454381}
    m_Modifications:
    - target: {fileID: 4228703959948556, guid: 946061ace5535954ca71b3c3effc0190, type: 2}
      propertyPath: m_LocalPosition.x
      value: 16.796766
      objectReference: {fileID: 0}
    - target: {fileID: 4228703959948556, guid: 946061ace5535954ca71b3c3effc0190, type: 2}
      propertyPath: m_LocalPosition.y
      value: 13.527824
      objectReference: {fileID: 0}
    - target: {fileID: 4228703959948556, guid: 946061ace5535954ca71b3c3effc0190, type: 2}
      propertyPath: m_LocalPosition.z
      value: 1.6462631
      objectReference: {fileID: 0}
    - target: {fileID: 4228703959948556, guid: 946061ace5535954ca71b3c3effc0190, type: 2}
      propertyPath: m_LocalRotation.x
      value: -0
      objectReference: {fileID: 0}
    - target: {fileID: 4228703959948556, guid: 946061ace5535954ca71b3c3effc0190, type: 2}
      propertyPath: m_LocalRotation.y
      value: -0
      objectReference: {fileID: 0}
    - target: {fileID: 4228703959948556, guid: 946061ace5535954ca71b3c3effc0190, type: 2}
      propertyPath: m_LocalRotation.z
      value: -0
      objectReference: {fileID: 0}
    - target: {fileID: 4228703959948556, guid: 946061ace5535954ca71b3c3effc0190, type: 2}
      propertyPath: m_LocalRotation.w
      value: 1
      objectReference: {fileID: 0}
    - target: {fileID: 4228703959948556, guid: 946061ace5535954ca71b3c3effc0190, type: 2}
      propertyPath: m_RootOrder
      value: 4
      objectReference: {fileID: 0}
    - target: {fileID: 114702673064773732, guid: 946061ace5535954ca71b3c3effc0190,
        type: 2}
      propertyPath: player
      value: 
      objectReference: {fileID: 883800629}
    - target: {fileID: 114702673064773732, guid: 946061ace5535954ca71b3c3effc0190,
        type: 2}
      propertyPath: BuildMenu
      value: 
      objectReference: {fileID: 2039559591}
    m_RemovedComponents: []
  m_ParentPrefab: {fileID: 100100000, guid: 946061ace5535954ca71b3c3effc0190, type: 2}
  m_IsPrefabParent: 0
--- !u!1001 &324125740
Prefab:
  m_ObjectHideFlags: 0
  serializedVersion: 2
  m_Modification:
    m_TransformParent: {fileID: 0}
    m_Modifications:
    - target: {fileID: 224801448421695574, guid: eb7a4d3ab3d210e429bd9811dcaae756,
        type: 2}
      propertyPath: m_LocalPosition.x
      value: 462
      objectReference: {fileID: 0}
    - target: {fileID: 224801448421695574, guid: eb7a4d3ab3d210e429bd9811dcaae756,
        type: 2}
      propertyPath: m_LocalPosition.y
      value: 260
      objectReference: {fileID: 0}
    - target: {fileID: 224801448421695574, guid: eb7a4d3ab3d210e429bd9811dcaae756,
        type: 2}
      propertyPath: m_LocalPosition.z
      value: 0
      objectReference: {fileID: 0}
    - target: {fileID: 224801448421695574, guid: eb7a4d3ab3d210e429bd9811dcaae756,
        type: 2}
      propertyPath: m_LocalRotation.x
      value: 0
      objectReference: {fileID: 0}
    - target: {fileID: 224801448421695574, guid: eb7a4d3ab3d210e429bd9811dcaae756,
        type: 2}
      propertyPath: m_LocalRotation.y
      value: 0
      objectReference: {fileID: 0}
    - target: {fileID: 224801448421695574, guid: eb7a4d3ab3d210e429bd9811dcaae756,
        type: 2}
      propertyPath: m_LocalRotation.z
      value: 0
      objectReference: {fileID: 0}
    - target: {fileID: 224801448421695574, guid: eb7a4d3ab3d210e429bd9811dcaae756,
        type: 2}
      propertyPath: m_LocalRotation.w
      value: 1
      objectReference: {fileID: 0}
    - target: {fileID: 224801448421695574, guid: eb7a4d3ab3d210e429bd9811dcaae756,
        type: 2}
      propertyPath: m_RootOrder
      value: 0
      objectReference: {fileID: 0}
    - target: {fileID: 224801448421695574, guid: eb7a4d3ab3d210e429bd9811dcaae756,
        type: 2}
      propertyPath: m_AnchoredPosition.x
      value: 0
      objectReference: {fileID: 0}
    - target: {fileID: 224801448421695574, guid: eb7a4d3ab3d210e429bd9811dcaae756,
        type: 2}
      propertyPath: m_AnchoredPosition.y
      value: 0
      objectReference: {fileID: 0}
    - target: {fileID: 224801448421695574, guid: eb7a4d3ab3d210e429bd9811dcaae756,
        type: 2}
      propertyPath: m_SizeDelta.x
      value: 100
      objectReference: {fileID: 0}
    - target: {fileID: 224801448421695574, guid: eb7a4d3ab3d210e429bd9811dcaae756,
        type: 2}
      propertyPath: m_SizeDelta.y
      value: 100
      objectReference: {fileID: 0}
    - target: {fileID: 224801448421695574, guid: eb7a4d3ab3d210e429bd9811dcaae756,
        type: 2}
      propertyPath: m_AnchorMin.x
      value: 0.5
      objectReference: {fileID: 0}
    - target: {fileID: 224801448421695574, guid: eb7a4d3ab3d210e429bd9811dcaae756,
        type: 2}
      propertyPath: m_AnchorMin.y
      value: 0.5
      objectReference: {fileID: 0}
    - target: {fileID: 224801448421695574, guid: eb7a4d3ab3d210e429bd9811dcaae756,
        type: 2}
      propertyPath: m_AnchorMax.x
      value: 0.5
      objectReference: {fileID: 0}
    - target: {fileID: 224801448421695574, guid: eb7a4d3ab3d210e429bd9811dcaae756,
        type: 2}
      propertyPath: m_AnchorMax.y
      value: 0.5
      objectReference: {fileID: 0}
    - target: {fileID: 224801448421695574, guid: eb7a4d3ab3d210e429bd9811dcaae756,
        type: 2}
      propertyPath: m_Pivot.x
      value: 0.5
      objectReference: {fileID: 0}
    - target: {fileID: 224801448421695574, guid: eb7a4d3ab3d210e429bd9811dcaae756,
        type: 2}
      propertyPath: m_Pivot.y
      value: 0.5
      objectReference: {fileID: 0}
    - target: {fileID: 224949869097390400, guid: eb7a4d3ab3d210e429bd9811dcaae756,
        type: 2}
      propertyPath: m_LocalPosition.x
      value: 400
      objectReference: {fileID: 0}
    - target: {fileID: 224949869097390400, guid: eb7a4d3ab3d210e429bd9811dcaae756,
        type: 2}
      propertyPath: m_LocalPosition.y
      value: 380.7309
      objectReference: {fileID: 0}
    m_RemovedComponents: []
  m_ParentPrefab: {fileID: 100100000, guid: eb7a4d3ab3d210e429bd9811dcaae756, type: 2}
  m_IsPrefabParent: 0
--- !u!1001 &332871785
Prefab:
  m_ObjectHideFlags: 0
  serializedVersion: 2
  m_Modification:
    m_TransformParent: {fileID: 1862676269}
    m_Modifications:
    - target: {fileID: 4737036553374734, guid: 43e591186fce50842b409bf90b13151f, type: 2}
      propertyPath: m_LocalPosition.x
      value: 6
      objectReference: {fileID: 0}
    - target: {fileID: 4737036553374734, guid: 43e591186fce50842b409bf90b13151f, type: 2}
      propertyPath: m_LocalPosition.y
      value: 0.5
      objectReference: {fileID: 0}
    - target: {fileID: 4737036553374734, guid: 43e591186fce50842b409bf90b13151f, type: 2}
      propertyPath: m_LocalPosition.z
      value: -6
      objectReference: {fileID: 0}
    - target: {fileID: 4737036553374734, guid: 43e591186fce50842b409bf90b13151f, type: 2}
      propertyPath: m_LocalRotation.x
      value: -0
      objectReference: {fileID: 0}
    - target: {fileID: 4737036553374734, guid: 43e591186fce50842b409bf90b13151f, type: 2}
      propertyPath: m_LocalRotation.y
      value: -0
      objectReference: {fileID: 0}
    - target: {fileID: 4737036553374734, guid: 43e591186fce50842b409bf90b13151f, type: 2}
      propertyPath: m_LocalRotation.z
      value: -0
      objectReference: {fileID: 0}
    - target: {fileID: 4737036553374734, guid: 43e591186fce50842b409bf90b13151f, type: 2}
      propertyPath: m_LocalRotation.w
      value: 1
      objectReference: {fileID: 0}
    - target: {fileID: 4737036553374734, guid: 43e591186fce50842b409bf90b13151f, type: 2}
      propertyPath: m_RootOrder
      value: 1
      objectReference: {fileID: 0}
    m_RemovedComponents: []
  m_ParentPrefab: {fileID: 100100000, guid: 43e591186fce50842b409bf90b13151f, type: 2}
  m_IsPrefabParent: 0
--- !u!4 &332871786 stripped
Transform:
  m_PrefabParentObject: {fileID: 4737036553374734, guid: 43e591186fce50842b409bf90b13151f,
    type: 2}
  m_PrefabInternal: {fileID: 332871785}
--- !u!1 &442454380
GameObject:
  m_ObjectHideFlags: 0
  m_PrefabParentObject: {fileID: 0}
  m_PrefabInternal: {fileID: 0}
  serializedVersion: 5
  m_Component:
  - component: {fileID: 442454381}
  m_Layer: 0
  m_Name: TutorialClusters
  m_TagString: Untagged
  m_Icon: {fileID: 0}
  m_NavMeshLayer: 0
  m_StaticEditorFlags: 0
  m_IsActive: 1
--- !u!4 &442454381
Transform:
  m_ObjectHideFlags: 0
  m_PrefabParentObject: {fileID: 0}
  m_PrefabInternal: {fileID: 0}
  m_GameObject: {fileID: 442454380}
  m_LocalRotation: {x: 0, y: 0, z: 0, w: 1}
  m_LocalPosition: {x: 0, y: 0, z: 0}
  m_LocalScale: {x: 1, y: 1, z: 1}
  m_Children:
  - {fileID: 699311828}
  - {fileID: 1862676269}
  - {fileID: 1918044205}
  - {fileID: 1627436464}
  - {fileID: 556172954}
  m_Father: {fileID: 0}
  m_RootOrder: 7
  m_LocalEulerAnglesHint: {x: 0, y: 0, z: 0}
--- !u!1001 &450785836
Prefab:
  m_ObjectHideFlags: 0
  serializedVersion: 2
  m_Modification:
    m_TransformParent: {fileID: 699311828}
    m_Modifications:
    - target: {fileID: 4710324754576872, guid: 150b45f671c595749b49a5340ae97fa9, type: 2}
      propertyPath: m_LocalPosition.x
      value: -2
      objectReference: {fileID: 0}
    - target: {fileID: 4710324754576872, guid: 150b45f671c595749b49a5340ae97fa9, type: 2}
      propertyPath: m_LocalPosition.y
      value: 0.5
      objectReference: {fileID: 0}
    - target: {fileID: 4710324754576872, guid: 150b45f671c595749b49a5340ae97fa9, type: 2}
      propertyPath: m_LocalPosition.z
      value: -8
      objectReference: {fileID: 0}
    - target: {fileID: 4710324754576872, guid: 150b45f671c595749b49a5340ae97fa9, type: 2}
      propertyPath: m_LocalRotation.x
      value: -0
      objectReference: {fileID: 0}
    - target: {fileID: 4710324754576872, guid: 150b45f671c595749b49a5340ae97fa9, type: 2}
      propertyPath: m_LocalRotation.y
      value: -0
      objectReference: {fileID: 0}
    - target: {fileID: 4710324754576872, guid: 150b45f671c595749b49a5340ae97fa9, type: 2}
      propertyPath: m_LocalRotation.z
      value: -0
      objectReference: {fileID: 0}
    - target: {fileID: 4710324754576872, guid: 150b45f671c595749b49a5340ae97fa9, type: 2}
      propertyPath: m_LocalRotation.w
      value: 1
      objectReference: {fileID: 0}
    - target: {fileID: 4710324754576872, guid: 150b45f671c595749b49a5340ae97fa9, type: 2}
      propertyPath: m_RootOrder
      value: 7
      objectReference: {fileID: 0}
    - target: {fileID: 1418067202291568, guid: 150b45f671c595749b49a5340ae97fa9, type: 2}
      propertyPath: m_Name
      value: Barracks (6)
      objectReference: {fileID: 0}
    m_RemovedComponents: []
  m_ParentPrefab: {fileID: 100100000, guid: 150b45f671c595749b49a5340ae97fa9, type: 2}
  m_IsPrefabParent: 0
--- !u!4 &450785837 stripped
Transform:
  m_PrefabParentObject: {fileID: 4710324754576872, guid: 150b45f671c595749b49a5340ae97fa9,
    type: 2}
  m_PrefabInternal: {fileID: 450785836}
--- !u!1001 &453064352
Prefab:
  m_ObjectHideFlags: 0
  serializedVersion: 2
  m_Modification:
    m_TransformParent: {fileID: 699311828}
    m_Modifications:
    - target: {fileID: 4710324754576872, guid: 150b45f671c595749b49a5340ae97fa9, type: 2}
      propertyPath: m_LocalPosition.x
      value: -6
      objectReference: {fileID: 0}
    - target: {fileID: 4710324754576872, guid: 150b45f671c595749b49a5340ae97fa9, type: 2}
      propertyPath: m_LocalPosition.y
      value: 0.5
      objectReference: {fileID: 0}
    - target: {fileID: 4710324754576872, guid: 150b45f671c595749b49a5340ae97fa9, type: 2}
      propertyPath: m_LocalPosition.z
      value: -4
      objectReference: {fileID: 0}
    - target: {fileID: 4710324754576872, guid: 150b45f671c595749b49a5340ae97fa9, type: 2}
      propertyPath: m_LocalRotation.x
      value: -0
      objectReference: {fileID: 0}
    - target: {fileID: 4710324754576872, guid: 150b45f671c595749b49a5340ae97fa9, type: 2}
      propertyPath: m_LocalRotation.y
      value: -0
      objectReference: {fileID: 0}
    - target: {fileID: 4710324754576872, guid: 150b45f671c595749b49a5340ae97fa9, type: 2}
      propertyPath: m_LocalRotation.z
      value: -0
      objectReference: {fileID: 0}
    - target: {fileID: 4710324754576872, guid: 150b45f671c595749b49a5340ae97fa9, type: 2}
      propertyPath: m_LocalRotation.w
      value: 1
      objectReference: {fileID: 0}
    - target: {fileID: 4710324754576872, guid: 150b45f671c595749b49a5340ae97fa9, type: 2}
      propertyPath: m_RootOrder
      value: 3
      objectReference: {fileID: 0}
    - target: {fileID: 1418067202291568, guid: 150b45f671c595749b49a5340ae97fa9, type: 2}
      propertyPath: m_Name
      value: Barracks (2)
      objectReference: {fileID: 0}
    m_RemovedComponents: []
  m_ParentPrefab: {fileID: 100100000, guid: 150b45f671c595749b49a5340ae97fa9, type: 2}
  m_IsPrefabParent: 0
--- !u!4 &453064353 stripped
Transform:
  m_PrefabParentObject: {fileID: 4710324754576872, guid: 150b45f671c595749b49a5340ae97fa9,
    type: 2}
  m_PrefabInternal: {fileID: 453064352}
--- !u!1001 &514217939
Prefab:
  m_ObjectHideFlags: 0
  serializedVersion: 2
  m_Modification:
    m_TransformParent: {fileID: 0}
    m_Modifications:
    - target: {fileID: 400000, guid: 1f5637dc27c68304ba552cdda6e09302, type: 3}
      propertyPath: m_LocalPosition.x
      value: -2.2673376
      objectReference: {fileID: 0}
    - target: {fileID: 400000, guid: 1f5637dc27c68304ba552cdda6e09302, type: 3}
      propertyPath: m_LocalPosition.y
      value: 8.64
      objectReference: {fileID: 0}
    - target: {fileID: 400000, guid: 1f5637dc27c68304ba552cdda6e09302, type: 3}
      propertyPath: m_LocalPosition.z
      value: -19.863655
      objectReference: {fileID: 0}
    - target: {fileID: 400000, guid: 1f5637dc27c68304ba552cdda6e09302, type: 3}
      propertyPath: m_LocalRotation.x
      value: -0.7071068
      objectReference: {fileID: 0}
    - target: {fileID: 400000, guid: 1f5637dc27c68304ba552cdda6e09302, type: 3}
      propertyPath: m_LocalRotation.y
      value: 0
      objectReference: {fileID: 0}
    - target: {fileID: 400000, guid: 1f5637dc27c68304ba552cdda6e09302, type: 3}
      propertyPath: m_LocalRotation.z
      value: -0
      objectReference: {fileID: 0}
    - target: {fileID: 400000, guid: 1f5637dc27c68304ba552cdda6e09302, type: 3}
      propertyPath: m_LocalRotation.w
      value: 0.7071068
      objectReference: {fileID: 0}
    - target: {fileID: 400000, guid: 1f5637dc27c68304ba552cdda6e09302, type: 3}
      propertyPath: m_RootOrder
      value: 1
      objectReference: {fileID: 0}
    m_RemovedComponents: []
  m_ParentPrefab: {fileID: 100100000, guid: 1f5637dc27c68304ba552cdda6e09302, type: 3}
  m_IsPrefabParent: 0
--- !u!4 &556172954 stripped
Transform:
  m_PrefabParentObject: {fileID: 4228703959948556, guid: 946061ace5535954ca71b3c3effc0190,
    type: 2}
  m_PrefabInternal: {fileID: 241158789}
--- !u!1001 &628112012
Prefab:
  m_ObjectHideFlags: 0
  serializedVersion: 2
  m_Modification:
    m_TransformParent: {fileID: 699311828}
    m_Modifications:
    - target: {fileID: 4710324754576872, guid: 150b45f671c595749b49a5340ae97fa9, type: 2}
      propertyPath: m_LocalPosition.x
      value: -6
      objectReference: {fileID: 0}
    - target: {fileID: 4710324754576872, guid: 150b45f671c595749b49a5340ae97fa9, type: 2}
      propertyPath: m_LocalPosition.y
      value: 0.5
      objectReference: {fileID: 0}
    - target: {fileID: 4710324754576872, guid: 150b45f671c595749b49a5340ae97fa9, type: 2}
      propertyPath: m_LocalPosition.z
      value: -8
      objectReference: {fileID: 0}
    - target: {fileID: 4710324754576872, guid: 150b45f671c595749b49a5340ae97fa9, type: 2}
      propertyPath: m_LocalRotation.x
      value: -0
      objectReference: {fileID: 0}
    - target: {fileID: 4710324754576872, guid: 150b45f671c595749b49a5340ae97fa9, type: 2}
      propertyPath: m_LocalRotation.y
      value: -0
      objectReference: {fileID: 0}
    - target: {fileID: 4710324754576872, guid: 150b45f671c595749b49a5340ae97fa9, type: 2}
      propertyPath: m_LocalRotation.z
      value: -0
      objectReference: {fileID: 0}
    - target: {fileID: 4710324754576872, guid: 150b45f671c595749b49a5340ae97fa9, type: 2}
      propertyPath: m_LocalRotation.w
      value: 1
      objectReference: {fileID: 0}
    - target: {fileID: 4710324754576872, guid: 150b45f671c595749b49a5340ae97fa9, type: 2}
      propertyPath: m_RootOrder
      value: 8
      objectReference: {fileID: 0}
    - target: {fileID: 1418067202291568, guid: 150b45f671c595749b49a5340ae97fa9, type: 2}
      propertyPath: m_Name
      value: Barracks (7)
      objectReference: {fileID: 0}
    m_RemovedComponents: []
  m_ParentPrefab: {fileID: 100100000, guid: 150b45f671c595749b49a5340ae97fa9, type: 2}
  m_IsPrefabParent: 0
--- !u!4 &628112013 stripped
Transform:
  m_PrefabParentObject: {fileID: 4710324754576872, guid: 150b45f671c595749b49a5340ae97fa9,
    type: 2}
  m_PrefabInternal: {fileID: 628112012}
--- !u!1001 &695855881
Prefab:
  m_ObjectHideFlags: 0
  serializedVersion: 2
  m_Modification:
    m_TransformParent: {fileID: 1862676269}
    m_Modifications:
    - target: {fileID: 4416257070231060, guid: ef379e7c329c34244955616b9773821f, type: 2}
      propertyPath: m_LocalPosition.x
      value: 0
      objectReference: {fileID: 0}
    - target: {fileID: 4416257070231060, guid: ef379e7c329c34244955616b9773821f, type: 2}
      propertyPath: m_LocalPosition.y
      value: 0.5
      objectReference: {fileID: 0}
    - target: {fileID: 4416257070231060, guid: ef379e7c329c34244955616b9773821f, type: 2}
      propertyPath: m_LocalPosition.z
      value: 0
      objectReference: {fileID: 0}
    - target: {fileID: 4416257070231060, guid: ef379e7c329c34244955616b9773821f, type: 2}
      propertyPath: m_LocalRotation.x
      value: -0
      objectReference: {fileID: 0}
    - target: {fileID: 4416257070231060, guid: ef379e7c329c34244955616b9773821f, type: 2}
      propertyPath: m_LocalRotation.y
      value: -0
      objectReference: {fileID: 0}
    - target: {fileID: 4416257070231060, guid: ef379e7c329c34244955616b9773821f, type: 2}
      propertyPath: m_LocalRotation.z
      value: -0
      objectReference: {fileID: 0}
    - target: {fileID: 4416257070231060, guid: ef379e7c329c34244955616b9773821f, type: 2}
      propertyPath: m_LocalRotation.w
      value: 1
      objectReference: {fileID: 0}
    - target: {fileID: 4416257070231060, guid: ef379e7c329c34244955616b9773821f, type: 2}
      propertyPath: m_RootOrder
      value: 0
      objectReference: {fileID: 0}
    m_RemovedComponents: []
  m_ParentPrefab: {fileID: 100100000, guid: ef379e7c329c34244955616b9773821f, type: 2}
  m_IsPrefabParent: 0
--- !u!4 &695855882 stripped
Transform:
  m_PrefabParentObject: {fileID: 4416257070231060, guid: ef379e7c329c34244955616b9773821f,
    type: 2}
  m_PrefabInternal: {fileID: 695855881}
--- !u!1 &699311827
GameObject:
  m_ObjectHideFlags: 0
  m_PrefabParentObject: {fileID: 0}
  m_PrefabInternal: {fileID: 0}
  serializedVersion: 5
  m_Component:
  - component: {fileID: 699311828}
  - component: {fileID: 699311829}
  m_Layer: 0
  m_Name: Cluster1
  m_TagString: Untagged
  m_Icon: {fileID: -964228994112308473, guid: 0000000000000000d000000000000000, type: 0}
  m_NavMeshLayer: 0
  m_StaticEditorFlags: 0
  m_IsActive: 1
--- !u!4 &699311828
Transform:
  m_ObjectHideFlags: 0
  m_PrefabParentObject: {fileID: 0}
  m_PrefabInternal: {fileID: 0}
  m_GameObject: {fileID: 699311827}
  m_LocalRotation: {x: 0, y: 0, z: 0, w: 1}
  m_LocalPosition: {x: 51.4, y: 0, z: -40.5}
  m_LocalScale: {x: 1, y: 1, z: 1}
  m_Children:
  - {fileID: 150590182}
  - {fileID: 1094313518}
  - {fileID: 729422796}
  - {fileID: 453064353}
  - {fileID: 1923577291}
  - {fileID: 1445433817}
  - {fileID: 819991919}
  - {fileID: 450785837}
  - {fileID: 628112013}
  m_Father: {fileID: 442454381}
  m_RootOrder: 0
  m_LocalEulerAnglesHint: {x: 0, y: 0, z: 0}
--- !u!114 &699311829
MonoBehaviour:
  m_ObjectHideFlags: 0
  m_PrefabParentObject: {fileID: 0}
  m_PrefabInternal: {fileID: 0}
  m_GameObject: {fileID: 699311827}
  m_Enabled: 1
  m_EditorHideFlags: 0
  m_Script: {fileID: 11500000, guid: 794d5bce03a6a8442bb396897595a1da, type: 3}
  m_Name: 
  m_EditorClassIdentifier: 
  Team: 2
--- !u!1 &715090030
GameObject:
  m_ObjectHideFlags: 0
  m_PrefabParentObject: {fileID: 102606, guid: 39bad9409a26955448ed6b7943f53c9a, type: 2}
  m_PrefabInternal: {fileID: 0}
  serializedVersion: 5
  m_Component:
  - component: {fileID: 715090031}
  - component: {fileID: 715090032}
  m_Layer: 0
  m_Name: LightFillDirectional
  m_TagString: Untagged
  m_Icon: {fileID: 0}
  m_NavMeshLayer: 0
  m_StaticEditorFlags: 0
  m_IsActive: 1
--- !u!4 &715090031
Transform:
  m_ObjectHideFlags: 0
  m_PrefabParentObject: {fileID: 433476, guid: 39bad9409a26955448ed6b7943f53c9a, type: 2}
  m_PrefabInternal: {fileID: 0}
  m_GameObject: {fileID: 715090030}
  m_LocalRotation: {x: -0.13705876, y: -0.17195852, z: 0.024167199, w: -0.97522366}
  m_LocalPosition: {x: 0, y: 10, z: 0}
  m_LocalScale: {x: 1, y: 1, z: 1}
  m_Children: []
  m_Father: {fileID: 1913092214}
  m_RootOrder: 1
  m_LocalEulerAnglesHint: {x: 0, y: 0, z: 0}
--- !u!108 &715090032
Light:
  m_ObjectHideFlags: 0
  m_PrefabParentObject: {fileID: 10837978, guid: 39bad9409a26955448ed6b7943f53c9a,
    type: 2}
  m_PrefabInternal: {fileID: 0}
  m_GameObject: {fileID: 715090030}
  m_Enabled: 1
  serializedVersion: 8
  m_Type: 1
  m_Color: {r: 0.6880406, g: 0.7784796, b: 0.9264706, a: 1}
  m_Intensity: 0.5
  m_Range: 44.6
  m_SpotAngle: 112
  m_CookieSize: 10
  m_Shadows:
    m_Type: 0
    m_Resolution: 2
    m_CustomResolution: -1
    m_Strength: 0.6
    m_Bias: 0.01
    m_NormalBias: 0.4
    m_NearPlane: 0.2
  m_Cookie: {fileID: 0}
  m_DrawHalo: 0
  m_Flare: {fileID: 0}
  m_RenderMode: 0
  m_CullingMask:
    serializedVersion: 2
    m_Bits: 4294967295
  m_Lightmapping: 1
  m_AreaSize: {x: 1, y: 1}
  m_BounceIntensity: 1
  m_ColorTemperature: 6570
  m_UseColorTemperature: 0
  m_ShadowRadius: 0
  m_ShadowAngle: 0
--- !u!1001 &729422795
Prefab:
  m_ObjectHideFlags: 0
  serializedVersion: 2
  m_Modification:
    m_TransformParent: {fileID: 699311828}
    m_Modifications:
    - target: {fileID: 4710324754576872, guid: 150b45f671c595749b49a5340ae97fa9, type: 2}
      propertyPath: m_LocalPosition.x
      value: 2
      objectReference: {fileID: 0}
    - target: {fileID: 4710324754576872, guid: 150b45f671c595749b49a5340ae97fa9, type: 2}
      propertyPath: m_LocalPosition.y
      value: 0.5
      objectReference: {fileID: 0}
    - target: {fileID: 4710324754576872, guid: 150b45f671c595749b49a5340ae97fa9, type: 2}
      propertyPath: m_LocalPosition.z
      value: -4
      objectReference: {fileID: 0}
    - target: {fileID: 4710324754576872, guid: 150b45f671c595749b49a5340ae97fa9, type: 2}
      propertyPath: m_LocalRotation.x
      value: -0
      objectReference: {fileID: 0}
    - target: {fileID: 4710324754576872, guid: 150b45f671c595749b49a5340ae97fa9, type: 2}
      propertyPath: m_LocalRotation.y
      value: -0
      objectReference: {fileID: 0}
    - target: {fileID: 4710324754576872, guid: 150b45f671c595749b49a5340ae97fa9, type: 2}
      propertyPath: m_LocalRotation.z
      value: -0
      objectReference: {fileID: 0}
    - target: {fileID: 4710324754576872, guid: 150b45f671c595749b49a5340ae97fa9, type: 2}
      propertyPath: m_LocalRotation.w
      value: 1
      objectReference: {fileID: 0}
    - target: {fileID: 4710324754576872, guid: 150b45f671c595749b49a5340ae97fa9, type: 2}
      propertyPath: m_RootOrder
      value: 2
      objectReference: {fileID: 0}
    - target: {fileID: 1418067202291568, guid: 150b45f671c595749b49a5340ae97fa9, type: 2}
      propertyPath: m_Name
      value: Barracks (1)
      objectReference: {fileID: 0}
    m_RemovedComponents: []
  m_ParentPrefab: {fileID: 100100000, guid: 150b45f671c595749b49a5340ae97fa9, type: 2}
  m_IsPrefabParent: 0
--- !u!4 &729422796 stripped
Transform:
  m_PrefabParentObject: {fileID: 4710324754576872, guid: 150b45f671c595749b49a5340ae97fa9,
    type: 2}
  m_PrefabInternal: {fileID: 729422795}
--- !u!1 &787533861
GameObject:
  m_ObjectHideFlags: 0
  m_PrefabParentObject: {fileID: 121866, guid: 39bad9409a26955448ed6b7943f53c9a, type: 2}
  m_PrefabInternal: {fileID: 0}
  serializedVersion: 5
  m_Component:
  - component: {fileID: 787533863}
  - component: {fileID: 787533862}
  m_Layer: 0
  m_Name: LightMainDirectional
  m_TagString: Untagged
  m_Icon: {fileID: 0}
  m_NavMeshLayer: 0
  m_StaticEditorFlags: 0
  m_IsActive: 1
--- !u!108 &787533862
Light:
  m_ObjectHideFlags: 0
  m_PrefabParentObject: {fileID: 10838076, guid: 39bad9409a26955448ed6b7943f53c9a,
    type: 2}
  m_PrefabInternal: {fileID: 0}
  m_GameObject: {fileID: 787533861}
  m_Enabled: 1
  serializedVersion: 8
  m_Type: 1
  m_Color: {r: 1, g: 1, b: 1, a: 1}
  m_Intensity: 0.9
  m_Range: 44.6
  m_SpotAngle: 112
  m_CookieSize: 10
  m_Shadows:
    m_Type: 2
    m_Resolution: -1
    m_CustomResolution: -1
    m_Strength: 0.6
    m_Bias: 0.2
    m_NormalBias: 0.4
    m_NearPlane: 0.2
  m_Cookie: {fileID: 0}
  m_DrawHalo: 0
  m_Flare: {fileID: 0}
  m_RenderMode: 0
  m_CullingMask:
    serializedVersion: 2
    m_Bits: 4294967295
  m_Lightmapping: 4
  m_AreaSize: {x: 1, y: 1}
  m_BounceIntensity: 0
  m_ColorTemperature: 6570
  m_UseColorTemperature: 0
  m_ShadowRadius: 0
  m_ShadowAngle: 0
--- !u!4 &787533863
Transform:
  m_ObjectHideFlags: 0
  m_PrefabParentObject: {fileID: 416410, guid: 39bad9409a26955448ed6b7943f53c9a, type: 2}
  m_PrefabInternal: {fileID: 0}
  m_GameObject: {fileID: 787533861}
  m_LocalRotation: {x: -0.08288582, y: 0.91677153, z: -0.28905702, w: -0.26288024}
  m_LocalPosition: {x: 0, y: 10, z: 0}
  m_LocalScale: {x: 1, y: 1, z: 1}
  m_Children: []
  m_Father: {fileID: 1913092214}
  m_RootOrder: 0
  m_LocalEulerAnglesHint: {x: 0, y: 0, z: 0}
--- !u!1001 &819991918
Prefab:
  m_ObjectHideFlags: 0
  serializedVersion: 2
  m_Modification:
    m_TransformParent: {fileID: 699311828}
    m_Modifications:
    - target: {fileID: 4710324754576872, guid: 150b45f671c595749b49a5340ae97fa9, type: 2}
      propertyPath: m_LocalPosition.x
      value: 6
      objectReference: {fileID: 0}
    - target: {fileID: 4710324754576872, guid: 150b45f671c595749b49a5340ae97fa9, type: 2}
      propertyPath: m_LocalPosition.y
      value: 0.5
      objectReference: {fileID: 0}
    - target: {fileID: 4710324754576872, guid: 150b45f671c595749b49a5340ae97fa9, type: 2}
      propertyPath: m_LocalPosition.z
      value: -8
      objectReference: {fileID: 0}
    - target: {fileID: 4710324754576872, guid: 150b45f671c595749b49a5340ae97fa9, type: 2}
      propertyPath: m_LocalRotation.x
      value: -0
      objectReference: {fileID: 0}
    - target: {fileID: 4710324754576872, guid: 150b45f671c595749b49a5340ae97fa9, type: 2}
      propertyPath: m_LocalRotation.y
      value: -0
      objectReference: {fileID: 0}
    - target: {fileID: 4710324754576872, guid: 150b45f671c595749b49a5340ae97fa9, type: 2}
      propertyPath: m_LocalRotation.z
      value: -0
      objectReference: {fileID: 0}
    - target: {fileID: 4710324754576872, guid: 150b45f671c595749b49a5340ae97fa9, type: 2}
      propertyPath: m_LocalRotation.w
      value: 1
      objectReference: {fileID: 0}
    - target: {fileID: 4710324754576872, guid: 150b45f671c595749b49a5340ae97fa9, type: 2}
      propertyPath: m_RootOrder
      value: 6
      objectReference: {fileID: 0}
    - target: {fileID: 1418067202291568, guid: 150b45f671c595749b49a5340ae97fa9, type: 2}
      propertyPath: m_Name
      value: Barracks (5)
      objectReference: {fileID: 0}
    m_RemovedComponents: []
  m_ParentPrefab: {fileID: 100100000, guid: 150b45f671c595749b49a5340ae97fa9, type: 2}
  m_IsPrefabParent: 0
--- !u!4 &819991919 stripped
Transform:
  m_PrefabParentObject: {fileID: 4710324754576872, guid: 150b45f671c595749b49a5340ae97fa9,
    type: 2}
  m_PrefabInternal: {fileID: 819991918}
--- !u!1 &831588516
GameObject:
  m_ObjectHideFlags: 0
  m_PrefabParentObject: {fileID: 0}
  m_PrefabInternal: {fileID: 0}
  serializedVersion: 5
  m_Component:
  - component: {fileID: 831588520}
  - component: {fileID: 831588519}
  - component: {fileID: 831588518}
  - component: {fileID: 831588517}
  m_Layer: 0
  m_Name: EventSystem
  m_TagString: Untagged
  m_Icon: {fileID: 0}
  m_NavMeshLayer: 0
  m_StaticEditorFlags: 0
  m_IsActive: 1
--- !u!114 &831588517
MonoBehaviour:
  m_ObjectHideFlags: 0
  m_PrefabParentObject: {fileID: 0}
  m_PrefabInternal: {fileID: 0}
  m_GameObject: {fileID: 831588516}
  m_Enabled: 1
  m_EditorHideFlags: 0
  m_Script: {fileID: 1997211142, guid: f5f67c52d1564df4a8936ccd202a3bd8, type: 3}
  m_Name: 
  m_EditorClassIdentifier: 
  m_ForceModuleActive: 0
--- !u!114 &831588518
MonoBehaviour:
  m_ObjectHideFlags: 0
  m_PrefabParentObject: {fileID: 0}
  m_PrefabInternal: {fileID: 0}
  m_GameObject: {fileID: 831588516}
  m_Enabled: 1
  m_EditorHideFlags: 0
  m_Script: {fileID: 1077351063, guid: f5f67c52d1564df4a8936ccd202a3bd8, type: 3}
  m_Name: 
  m_EditorClassIdentifier: 
  m_HorizontalAxis: Horizontal
  m_VerticalAxis: Vertical
  m_SubmitButton: Submit
  m_CancelButton: Cancel
  m_InputActionsPerSecond: 10
  m_RepeatDelay: 0.5
  m_ForceModuleActive: 0
--- !u!114 &831588519
MonoBehaviour:
  m_ObjectHideFlags: 0
  m_PrefabParentObject: {fileID: 0}
  m_PrefabInternal: {fileID: 0}
  m_GameObject: {fileID: 831588516}
  m_Enabled: 1
  m_EditorHideFlags: 0
  m_Script: {fileID: -619905303, guid: f5f67c52d1564df4a8936ccd202a3bd8, type: 3}
  m_Name: 
  m_EditorClassIdentifier: 
  m_FirstSelected: {fileID: 0}
  m_sendNavigationEvents: 1
  m_DragThreshold: 5
--- !u!4 &831588520
Transform:
  m_ObjectHideFlags: 0
  m_PrefabParentObject: {fileID: 0}
  m_PrefabInternal: {fileID: 0}
  m_GameObject: {fileID: 831588516}
  m_LocalRotation: {x: 0, y: 0, z: 0, w: 1}
  m_LocalPosition: {x: 0, y: 0, z: 0}
  m_LocalScale: {x: 1, y: 1, z: 1}
  m_Children: []
  m_Father: {fileID: 1551932863}
  m_RootOrder: 0
  m_LocalEulerAnglesHint: {x: 0, y: 0, z: 0}
--- !u!4 &883800629 stripped
Transform:
  m_PrefabParentObject: {fileID: 4703891612324642, guid: 523b6f09c62daa8418d66c752f41a8f3,
    type: 2}
  m_PrefabInternal: {fileID: 1847250975}
--- !u!1 &948835973
GameObject:
  m_ObjectHideFlags: 0
  m_PrefabParentObject: {fileID: 0}
  m_PrefabInternal: {fileID: 0}
  serializedVersion: 5
  m_Component:
  - component: {fileID: 948835974}
  m_Layer: 0
  m_Name: GeometryStatic
  m_TagString: Untagged
  m_Icon: {fileID: 0}
  m_NavMeshLayer: 0
  m_StaticEditorFlags: 0
  m_IsActive: 1
--- !u!4 &948835974
Transform:
  m_ObjectHideFlags: 0
  m_PrefabParentObject: {fileID: 0}
  m_PrefabInternal: {fileID: 0}
  m_GameObject: {fileID: 948835973}
  m_LocalRotation: {x: 0, y: 0, z: 0, w: 1}
  m_LocalPosition: {x: 0, y: 0, z: 0}
  m_LocalScale: {x: 1, y: 1, z: 1}
  m_Children:
  - {fileID: 6063821}
  m_Father: {fileID: 0}
  m_RootOrder: 5
  m_LocalEulerAnglesHint: {x: 0, y: 0, z: 0}
--- !u!4 &968979830 stripped
Transform:
  m_PrefabParentObject: {fileID: 4747250349210306, guid: e88457c0fd23c2148972893035eaea56,
    type: 2}
  m_PrefabInternal: {fileID: 58014794}
--- !u!1001 &1033511037
Prefab:
  m_ObjectHideFlags: 0
  serializedVersion: 2
  m_Modification:
    m_TransformParent: {fileID: 1627436464}
    m_Modifications:
    - target: {fileID: 4710324754576872, guid: 150b45f671c595749b49a5340ae97fa9, type: 2}
      propertyPath: m_LocalPosition.x
      value: -2.35
      objectReference: {fileID: 0}
    - target: {fileID: 4710324754576872, guid: 150b45f671c595749b49a5340ae97fa9, type: 2}
      propertyPath: m_LocalPosition.y
      value: 0.5
      objectReference: {fileID: 0}
    - target: {fileID: 4710324754576872, guid: 150b45f671c595749b49a5340ae97fa9, type: 2}
      propertyPath: m_LocalPosition.z
      value: -5.64
      objectReference: {fileID: 0}
    - target: {fileID: 4710324754576872, guid: 150b45f671c595749b49a5340ae97fa9, type: 2}
      propertyPath: m_LocalRotation.x
      value: -0
      objectReference: {fileID: 0}
    - target: {fileID: 4710324754576872, guid: 150b45f671c595749b49a5340ae97fa9, type: 2}
      propertyPath: m_LocalRotation.y
      value: -0
      objectReference: {fileID: 0}
    - target: {fileID: 4710324754576872, guid: 150b45f671c595749b49a5340ae97fa9, type: 2}
      propertyPath: m_LocalRotation.z
      value: -0
      objectReference: {fileID: 0}
    - target: {fileID: 4710324754576872, guid: 150b45f671c595749b49a5340ae97fa9, type: 2}
      propertyPath: m_LocalRotation.w
      value: 1
      objectReference: {fileID: 0}
    - target: {fileID: 4710324754576872, guid: 150b45f671c595749b49a5340ae97fa9, type: 2}
      propertyPath: m_RootOrder
      value: 4
      objectReference: {fileID: 0}
    - target: {fileID: 1418067202291568, guid: 150b45f671c595749b49a5340ae97fa9, type: 2}
      propertyPath: m_Name
      value: Barracks (1)
      objectReference: {fileID: 0}
    m_RemovedComponents: []
  m_ParentPrefab: {fileID: 100100000, guid: 150b45f671c595749b49a5340ae97fa9, type: 2}
  m_IsPrefabParent: 0
--- !u!4 &1033511038 stripped
Transform:
  m_PrefabParentObject: {fileID: 4710324754576872, guid: 150b45f671c595749b49a5340ae97fa9,
    type: 2}
  m_PrefabInternal: {fileID: 1033511037}
--- !u!1001 &1094313517
Prefab:
  m_ObjectHideFlags: 0
  serializedVersion: 2
  m_Modification:
    m_TransformParent: {fileID: 699311828}
    m_Modifications:
    - target: {fileID: 4710324754576872, guid: 150b45f671c595749b49a5340ae97fa9, type: 2}
      propertyPath: m_LocalPosition.x
      value: -2
      objectReference: {fileID: 0}
    - target: {fileID: 4710324754576872, guid: 150b45f671c595749b49a5340ae97fa9, type: 2}
      propertyPath: m_LocalPosition.y
      value: 0.5
      objectReference: {fileID: 0}
    - target: {fileID: 4710324754576872, guid: 150b45f671c595749b49a5340ae97fa9, type: 2}
      propertyPath: m_LocalPosition.z
      value: -4
      objectReference: {fileID: 0}
    - target: {fileID: 4710324754576872, guid: 150b45f671c595749b49a5340ae97fa9, type: 2}
      propertyPath: m_LocalRotation.x
      value: -0
      objectReference: {fileID: 0}
    - target: {fileID: 4710324754576872, guid: 150b45f671c595749b49a5340ae97fa9, type: 2}
      propertyPath: m_LocalRotation.y
      value: -0
      objectReference: {fileID: 0}
    - target: {fileID: 4710324754576872, guid: 150b45f671c595749b49a5340ae97fa9, type: 2}
      propertyPath: m_LocalRotation.z
      value: -0
      objectReference: {fileID: 0}
    - target: {fileID: 4710324754576872, guid: 150b45f671c595749b49a5340ae97fa9, type: 2}
      propertyPath: m_LocalRotation.w
      value: 1
      objectReference: {fileID: 0}
    - target: {fileID: 4710324754576872, guid: 150b45f671c595749b49a5340ae97fa9, type: 2}
      propertyPath: m_RootOrder
      value: 1
      objectReference: {fileID: 0}
    m_RemovedComponents: []
  m_ParentPrefab: {fileID: 100100000, guid: 150b45f671c595749b49a5340ae97fa9, type: 2}
  m_IsPrefabParent: 0
--- !u!4 &1094313518 stripped
Transform:
  m_PrefabParentObject: {fileID: 4710324754576872, guid: 150b45f671c595749b49a5340ae97fa9,
    type: 2}
  m_PrefabInternal: {fileID: 1094313517}
--- !u!1001 &1445433816
Prefab:
  m_ObjectHideFlags: 0
  serializedVersion: 2
  m_Modification:
    m_TransformParent: {fileID: 699311828}
    m_Modifications:
    - target: {fileID: 4710324754576872, guid: 150b45f671c595749b49a5340ae97fa9, type: 2}
      propertyPath: m_LocalPosition.x
      value: 2
      objectReference: {fileID: 0}
    - target: {fileID: 4710324754576872, guid: 150b45f671c595749b49a5340ae97fa9, type: 2}
      propertyPath: m_LocalPosition.y
      value: 0.5
      objectReference: {fileID: 0}
    - target: {fileID: 4710324754576872, guid: 150b45f671c595749b49a5340ae97fa9, type: 2}
      propertyPath: m_LocalPosition.z
      value: -8
      objectReference: {fileID: 0}
    - target: {fileID: 4710324754576872, guid: 150b45f671c595749b49a5340ae97fa9, type: 2}
      propertyPath: m_LocalRotation.x
      value: -0
      objectReference: {fileID: 0}
    - target: {fileID: 4710324754576872, guid: 150b45f671c595749b49a5340ae97fa9, type: 2}
      propertyPath: m_LocalRotation.y
      value: -0
      objectReference: {fileID: 0}
    - target: {fileID: 4710324754576872, guid: 150b45f671c595749b49a5340ae97fa9, type: 2}
      propertyPath: m_LocalRotation.z
      value: -0
      objectReference: {fileID: 0}
    - target: {fileID: 4710324754576872, guid: 150b45f671c595749b49a5340ae97fa9, type: 2}
      propertyPath: m_LocalRotation.w
      value: 1
      objectReference: {fileID: 0}
    - target: {fileID: 4710324754576872, guid: 150b45f671c595749b49a5340ae97fa9, type: 2}
      propertyPath: m_RootOrder
      value: 5
      objectReference: {fileID: 0}
    - target: {fileID: 1418067202291568, guid: 150b45f671c595749b49a5340ae97fa9, type: 2}
      propertyPath: m_Name
      value: Barracks (4)
      objectReference: {fileID: 0}
    m_RemovedComponents: []
  m_ParentPrefab: {fileID: 100100000, guid: 150b45f671c595749b49a5340ae97fa9, type: 2}
  m_IsPrefabParent: 0
--- !u!4 &1445433817 stripped
Transform:
  m_PrefabParentObject: {fileID: 4710324754576872, guid: 150b45f671c595749b49a5340ae97fa9,
    type: 2}
  m_PrefabInternal: {fileID: 1445433816}
--- !u!1001 &1489668603
Prefab:
  m_ObjectHideFlags: 0
  serializedVersion: 2
  m_Modification:
    m_TransformParent: {fileID: 1627436464}
    m_Modifications:
    - target: {fileID: 4416257070231060, guid: ef379e7c329c34244955616b9773821f, type: 2}
      propertyPath: m_LocalPosition.x
      value: 0
      objectReference: {fileID: 0}
    - target: {fileID: 4416257070231060, guid: ef379e7c329c34244955616b9773821f, type: 2}
      propertyPath: m_LocalPosition.y
      value: 0.5
      objectReference: {fileID: 0}
    - target: {fileID: 4416257070231060, guid: ef379e7c329c34244955616b9773821f, type: 2}
      propertyPath: m_LocalPosition.z
      value: 0
      objectReference: {fileID: 0}
    - target: {fileID: 4416257070231060, guid: ef379e7c329c34244955616b9773821f, type: 2}
      propertyPath: m_LocalRotation.x
      value: -0
      objectReference: {fileID: 0}
    - target: {fileID: 4416257070231060, guid: ef379e7c329c34244955616b9773821f, type: 2}
      propertyPath: m_LocalRotation.y
      value: -0
      objectReference: {fileID: 0}
    - target: {fileID: 4416257070231060, guid: ef379e7c329c34244955616b9773821f, type: 2}
      propertyPath: m_LocalRotation.z
      value: -0
      objectReference: {fileID: 0}
    - target: {fileID: 4416257070231060, guid: ef379e7c329c34244955616b9773821f, type: 2}
      propertyPath: m_LocalRotation.w
      value: 1
      objectReference: {fileID: 0}
    - target: {fileID: 4416257070231060, guid: ef379e7c329c34244955616b9773821f, type: 2}
      propertyPath: m_RootOrder
      value: 0
      objectReference: {fileID: 0}
    m_RemovedComponents: []
  m_ParentPrefab: {fileID: 100100000, guid: ef379e7c329c34244955616b9773821f, type: 2}
  m_IsPrefabParent: 0
--- !u!4 &1489668604 stripped
Transform:
  m_PrefabParentObject: {fileID: 4416257070231060, guid: ef379e7c329c34244955616b9773821f,
    type: 2}
  m_PrefabInternal: {fileID: 1489668603}
--- !u!1 &1551932862
GameObject:
  m_ObjectHideFlags: 0
  m_PrefabParentObject: {fileID: 0}
  m_PrefabInternal: {fileID: 0}
  serializedVersion: 5
  m_Component:
  - component: {fileID: 1551932863}
  m_Layer: 0
  m_Name: Helpers
  m_TagString: Untagged
  m_Icon: {fileID: 0}
  m_NavMeshLayer: 0
  m_StaticEditorFlags: 0
  m_IsActive: 1
--- !u!4 &1551932863
Transform:
  m_ObjectHideFlags: 0
  m_PrefabParentObject: {fileID: 0}
  m_PrefabInternal: {fileID: 0}
  m_GameObject: {fileID: 1551932862}
  m_LocalRotation: {x: 0, y: 0, z: 0, w: 1}
  m_LocalPosition: {x: 0, y: 0, z: 0}
  m_LocalScale: {x: 1, y: 1, z: 1}
  m_Children:
  - {fileID: 831588520}
  m_Father: {fileID: 0}
  m_RootOrder: 4
  m_LocalEulerAnglesHint: {x: 0, y: 0, z: 0}
--- !u!1 &1627436463
GameObject:
  m_ObjectHideFlags: 0
  m_PrefabParentObject: {fileID: 0}
  m_PrefabInternal: {fileID: 0}
  serializedVersion: 5
  m_Component:
  - component: {fileID: 1627436464}
  - component: {fileID: 1627436465}
  m_Layer: 0
  m_Name: Cluster1 (2)
  m_TagString: Untagged
  m_Icon: {fileID: -964228994112308473, guid: 0000000000000000d000000000000000, type: 0}
  m_NavMeshLayer: 0
  m_StaticEditorFlags: 0
  m_IsActive: 1
--- !u!4 &1627436464
Transform:
  m_ObjectHideFlags: 0
  m_PrefabParentObject: {fileID: 0}
  m_PrefabInternal: {fileID: 0}
  m_GameObject: {fileID: 1627436463}
  m_LocalRotation: {x: -0, y: -0, z: -0, w: 1}
  m_LocalPosition: {x: -27.599998, y: 0, z: -20.800003}
  m_LocalScale: {x: 1, y: 1, z: 1}
  m_Children:
  - {fileID: 1489668604}
  - {fileID: 1870310864}
  - {fileID: 44626207}
  - {fileID: 2050492851}
  - {fileID: 1033511038}
  m_Father: {fileID: 442454381}
  m_RootOrder: 3
  m_LocalEulerAnglesHint: {x: 0, y: 0, z: 0}
--- !u!114 &1627436465
MonoBehaviour:
  m_ObjectHideFlags: 0
  m_PrefabParentObject: {fileID: 0}
  m_PrefabInternal: {fileID: 0}
  m_GameObject: {fileID: 1627436463}
  m_Enabled: 1
  m_EditorHideFlags: 0
  m_Script: {fileID: 11500000, guid: 794d5bce03a6a8442bb396897595a1da, type: 3}
  m_Name: 
  m_EditorClassIdentifier: 
  Team: 1
--- !u!1001 &1706775875
Prefab:
  m_ObjectHideFlags: 0
  serializedVersion: 2
  m_Modification:
    m_TransformParent: {fileID: 1862676269}
    m_Modifications:
    - target: {fileID: 4149065481973994, guid: f998ce87ce6687047b8c40243d1114e9, type: 2}
      propertyPath: m_LocalPosition.x
      value: -6
      objectReference: {fileID: 0}
    - target: {fileID: 4149065481973994, guid: f998ce87ce6687047b8c40243d1114e9, type: 2}
      propertyPath: m_LocalPosition.y
      value: 0.5
      objectReference: {fileID: 0}
    - target: {fileID: 4149065481973994, guid: f998ce87ce6687047b8c40243d1114e9, type: 2}
      propertyPath: m_LocalPosition.z
      value: 0
      objectReference: {fileID: 0}
    - target: {fileID: 4149065481973994, guid: f998ce87ce6687047b8c40243d1114e9, type: 2}
      propertyPath: m_LocalRotation.x
      value: -0
      objectReference: {fileID: 0}
    - target: {fileID: 4149065481973994, guid: f998ce87ce6687047b8c40243d1114e9, type: 2}
      propertyPath: m_LocalRotation.y
      value: -0
      objectReference: {fileID: 0}
    - target: {fileID: 4149065481973994, guid: f998ce87ce6687047b8c40243d1114e9, type: 2}
      propertyPath: m_LocalRotation.z
      value: -0
      objectReference: {fileID: 0}
    - target: {fileID: 4149065481973994, guid: f998ce87ce6687047b8c40243d1114e9, type: 2}
      propertyPath: m_LocalRotation.w
      value: 1
      objectReference: {fileID: 0}
    - target: {fileID: 4149065481973994, guid: f998ce87ce6687047b8c40243d1114e9, type: 2}
      propertyPath: m_RootOrder
      value: 2
      objectReference: {fileID: 0}
    m_RemovedComponents: []
  m_ParentPrefab: {fileID: 100100000, guid: f998ce87ce6687047b8c40243d1114e9, type: 2}
  m_IsPrefabParent: 0
--- !u!4 &1706775876 stripped
Transform:
  m_PrefabParentObject: {fileID: 4149065481973994, guid: f998ce87ce6687047b8c40243d1114e9,
    type: 2}
  m_PrefabInternal: {fileID: 1706775875}
--- !u!1001 &1847250975
Prefab:
  m_ObjectHideFlags: 0
  serializedVersion: 2
  m_Modification:
    m_TransformParent: {fileID: 0}
    m_Modifications:
    - target: {fileID: 4703891612324642, guid: 523b6f09c62daa8418d66c752f41a8f3, type: 2}
      propertyPath: m_LocalPosition.x
      value: 34.1
      objectReference: {fileID: 0}
    - target: {fileID: 4703891612324642, guid: 523b6f09c62daa8418d66c752f41a8f3, type: 2}
      propertyPath: m_LocalPosition.y
      value: 1.419
      objectReference: {fileID: 0}
    - target: {fileID: 4703891612324642, guid: 523b6f09c62daa8418d66c752f41a8f3, type: 2}
      propertyPath: m_LocalPosition.z
      value: 43.3
      objectReference: {fileID: 0}
    - target: {fileID: 4703891612324642, guid: 523b6f09c62daa8418d66c752f41a8f3, type: 2}
      propertyPath: m_LocalRotation.x
      value: 0
      objectReference: {fileID: 0}
    - target: {fileID: 4703891612324642, guid: 523b6f09c62daa8418d66c752f41a8f3, type: 2}
      propertyPath: m_LocalRotation.y
      value: 0.73892605
      objectReference: {fileID: 0}
    - target: {fileID: 4703891612324642, guid: 523b6f09c62daa8418d66c752f41a8f3, type: 2}
      propertyPath: m_LocalRotation.z
      value: -0
      objectReference: {fileID: 0}
    - target: {fileID: 4703891612324642, guid: 523b6f09c62daa8418d66c752f41a8f3, type: 2}
      propertyPath: m_LocalRotation.w
      value: -0.6737865
      objectReference: {fileID: 0}
    - target: {fileID: 4703891612324642, guid: 523b6f09c62daa8418d66c752f41a8f3, type: 2}
      propertyPath: m_RootOrder
      value: 3
      objectReference: {fileID: 0}
    - target: {fileID: 136390632376879210, guid: 523b6f09c62daa8418d66c752f41a8f3,
        type: 2}
      propertyPath: m_Material
      value: 
      objectReference: {fileID: 13400000, guid: cf63880488ec29f43a759ecd9c6c5123,
        type: 2}
    - target: {fileID: 114461691939974104, guid: 523b6f09c62daa8418d66c752f41a8f3,
        type: 2}
      propertyPath: BuilderBlock
      value: 
      objectReference: {fileID: 968979830}
    m_RemovedComponents: []
  m_ParentPrefab: {fileID: 100100000, guid: 523b6f09c62daa8418d66c752f41a8f3, type: 2}
  m_IsPrefabParent: 0
--- !u!1 &1862676268
GameObject:
  m_ObjectHideFlags: 0
  m_PrefabParentObject: {fileID: 0}
  m_PrefabInternal: {fileID: 0}
  serializedVersion: 5
  m_Component:
  - component: {fileID: 1862676269}
  - component: {fileID: 1862676270}
  m_Layer: 0
  m_Name: Cluster1 (1)
  m_TagString: Untagged
  m_Icon: {fileID: -964228994112308473, guid: 0000000000000000d000000000000000, type: 0}
  m_NavMeshLayer: 0
  m_StaticEditorFlags: 0
  m_IsActive: 1
--- !u!4 &1862676269
Transform:
  m_ObjectHideFlags: 0
  m_PrefabParentObject: {fileID: 0}
  m_PrefabInternal: {fileID: 0}
  m_GameObject: {fileID: 1862676268}
  m_LocalRotation: {x: -0, y: -0, z: -0, w: 1}
  m_LocalPosition: {x: 22.800003, y: 0, z: -32.5}
  m_LocalScale: {x: 1, y: 1, z: 1}
  m_Children:
  - {fileID: 695855882}
  - {fileID: 332871786}
  - {fileID: 1706775876}
  m_Father: {fileID: 442454381}
  m_RootOrder: 1
  m_LocalEulerAnglesHint: {x: 0, y: 0, z: 0}
--- !u!114 &1862676270
MonoBehaviour:
  m_ObjectHideFlags: 0
  m_PrefabParentObject: {fileID: 0}
  m_PrefabInternal: {fileID: 0}
  m_GameObject: {fileID: 1862676268}
  m_Enabled: 1
  m_EditorHideFlags: 0
  m_Script: {fileID: 11500000, guid: 794d5bce03a6a8442bb396897595a1da, type: 3}
  m_Name: 
  m_EditorClassIdentifier: 
  Team: 1
--- !u!1001 &1870310863
Prefab:
  m_ObjectHideFlags: 0
  serializedVersion: 2
  m_Modification:
    m_TransformParent: {fileID: 1627436464}
    m_Modifications:
    - target: {fileID: 4737036553374734, guid: 43e591186fce50842b409bf90b13151f, type: 2}
      propertyPath: m_LocalPosition.x
      value: 6
      objectReference: {fileID: 0}
    - target: {fileID: 4737036553374734, guid: 43e591186fce50842b409bf90b13151f, type: 2}
      propertyPath: m_LocalPosition.y
      value: 0.5
      objectReference: {fileID: 0}
    - target: {fileID: 4737036553374734, guid: 43e591186fce50842b409bf90b13151f, type: 2}
      propertyPath: m_LocalPosition.z
      value: -6
      objectReference: {fileID: 0}
    - target: {fileID: 4737036553374734, guid: 43e591186fce50842b409bf90b13151f, type: 2}
      propertyPath: m_LocalRotation.x
      value: -0
      objectReference: {fileID: 0}
    - target: {fileID: 4737036553374734, guid: 43e591186fce50842b409bf90b13151f, type: 2}
      propertyPath: m_LocalRotation.y
      value: -0
      objectReference: {fileID: 0}
    - target: {fileID: 4737036553374734, guid: 43e591186fce50842b409bf90b13151f, type: 2}
      propertyPath: m_LocalRotation.z
      value: -0
      objectReference: {fileID: 0}
    - target: {fileID: 4737036553374734, guid: 43e591186fce50842b409bf90b13151f, type: 2}
      propertyPath: m_LocalRotation.w
      value: 1
      objectReference: {fileID: 0}
    - target: {fileID: 4737036553374734, guid: 43e591186fce50842b409bf90b13151f, type: 2}
      propertyPath: m_RootOrder
      value: 1
      objectReference: {fileID: 0}
    m_RemovedComponents: []
  m_ParentPrefab: {fileID: 100100000, guid: 43e591186fce50842b409bf90b13151f, type: 2}
  m_IsPrefabParent: 0
--- !u!4 &1870310864 stripped
Transform:
  m_PrefabParentObject: {fileID: 4737036553374734, guid: 43e591186fce50842b409bf90b13151f,
    type: 2}
  m_PrefabInternal: {fileID: 1870310863}
--- !u!1 &1913092213
GameObject:
  m_ObjectHideFlags: 0
  m_PrefabParentObject: {fileID: 0}
  m_PrefabInternal: {fileID: 0}
  serializedVersion: 5
  m_Component:
  - component: {fileID: 1913092214}
  m_Layer: 0
  m_Name: Lights
  m_TagString: Untagged
  m_Icon: {fileID: 0}
  m_NavMeshLayer: 0
  m_StaticEditorFlags: 0
  m_IsActive: 1
--- !u!4 &1913092214
Transform:
  m_ObjectHideFlags: 0
  m_PrefabParentObject: {fileID: 0}
  m_PrefabInternal: {fileID: 0}
  m_GameObject: {fileID: 1913092213}
  m_LocalRotation: {x: 0, y: 0, z: 0, w: 1}
  m_LocalPosition: {x: 0, y: 0, z: 0}
  m_LocalScale: {x: 1, y: 1, z: 1}
  m_Children:
  - {fileID: 787533863}
  - {fileID: 715090031}
  m_Father: {fileID: 0}
  m_RootOrder: 6
  m_LocalEulerAnglesHint: {x: 0, y: 0, z: 0}
--- !u!1001 &1918044204
Prefab:
  m_ObjectHideFlags: 0
  serializedVersion: 2
  m_Modification:
    m_TransformParent: {fileID: 442454381}
    m_Modifications:
    - target: {fileID: 4545487514191640, guid: 21a0fe0c8dc81c44ab9a391570d0efad, type: 2}
      propertyPath: m_LocalPosition.x
      value: -21.44
      objectReference: {fileID: 0}
    - target: {fileID: 4545487514191640, guid: 21a0fe0c8dc81c44ab9a391570d0efad, type: 2}
      propertyPath: m_LocalPosition.y
      value: 0.5
      objectReference: {fileID: 0}
    - target: {fileID: 4545487514191640, guid: 21a0fe0c8dc81c44ab9a391570d0efad, type: 2}
      propertyPath: m_LocalPosition.z
      value: -18.56
      objectReference: {fileID: 0}
    - target: {fileID: 4545487514191640, guid: 21a0fe0c8dc81c44ab9a391570d0efad, type: 2}
      propertyPath: m_LocalRotation.x
      value: -0
      objectReference: {fileID: 0}
    - target: {fileID: 4545487514191640, guid: 21a0fe0c8dc81c44ab9a391570d0efad, type: 2}
      propertyPath: m_LocalRotation.y
      value: -0
      objectReference: {fileID: 0}
    - target: {fileID: 4545487514191640, guid: 21a0fe0c8dc81c44ab9a391570d0efad, type: 2}
      propertyPath: m_LocalRotation.z
      value: -0
      objectReference: {fileID: 0}
    - target: {fileID: 4545487514191640, guid: 21a0fe0c8dc81c44ab9a391570d0efad, type: 2}
      propertyPath: m_LocalRotation.w
      value: 1
      objectReference: {fileID: 0}
    - target: {fileID: 4545487514191640, guid: 21a0fe0c8dc81c44ab9a391570d0efad, type: 2}
      propertyPath: m_RootOrder
      value: 2
      objectReference: {fileID: 0}
    m_RemovedComponents: []
  m_ParentPrefab: {fileID: 100100000, guid: 21a0fe0c8dc81c44ab9a391570d0efad, type: 2}
  m_IsPrefabParent: 0
--- !u!4 &1918044205 stripped
Transform:
  m_PrefabParentObject: {fileID: 4545487514191640, guid: 21a0fe0c8dc81c44ab9a391570d0efad,
    type: 2}
  m_PrefabInternal: {fileID: 1918044204}
--- !u!1001 &1923577290
Prefab:
  m_ObjectHideFlags: 0
  serializedVersion: 2
  m_Modification:
    m_TransformParent: {fileID: 699311828}
    m_Modifications:
    - target: {fileID: 4710324754576872, guid: 150b45f671c595749b49a5340ae97fa9, type: 2}
      propertyPath: m_LocalPosition.x
      value: 6
      objectReference: {fileID: 0}
    - target: {fileID: 4710324754576872, guid: 150b45f671c595749b49a5340ae97fa9, type: 2}
      propertyPath: m_LocalPosition.y
      value: 0.5
      objectReference: {fileID: 0}
    - target: {fileID: 4710324754576872, guid: 150b45f671c595749b49a5340ae97fa9, type: 2}
      propertyPath: m_LocalPosition.z
      value: -4
      objectReference: {fileID: 0}
    - target: {fileID: 4710324754576872, guid: 150b45f671c595749b49a5340ae97fa9, type: 2}
      propertyPath: m_LocalRotation.x
      value: -0
      objectReference: {fileID: 0}
    - target: {fileID: 4710324754576872, guid: 150b45f671c595749b49a5340ae97fa9, type: 2}
      propertyPath: m_LocalRotation.y
      value: -0
      objectReference: {fileID: 0}
    - target: {fileID: 4710324754576872, guid: 150b45f671c595749b49a5340ae97fa9, type: 2}
      propertyPath: m_LocalRotation.z
      value: -0
      objectReference: {fileID: 0}
    - target: {fileID: 4710324754576872, guid: 150b45f671c595749b49a5340ae97fa9, type: 2}
      propertyPath: m_LocalRotation.w
      value: 1
      objectReference: {fileID: 0}
    - target: {fileID: 4710324754576872, guid: 150b45f671c595749b49a5340ae97fa9, type: 2}
      propertyPath: m_RootOrder
      value: 4
      objectReference: {fileID: 0}
    - target: {fileID: 1418067202291568, guid: 150b45f671c595749b49a5340ae97fa9, type: 2}
      propertyPath: m_Name
      value: Barracks (3)
      objectReference: {fileID: 0}
    m_RemovedComponents: []
  m_ParentPrefab: {fileID: 100100000, guid: 150b45f671c595749b49a5340ae97fa9, type: 2}
  m_IsPrefabParent: 0
--- !u!4 &1923577291 stripped
Transform:
  m_PrefabParentObject: {fileID: 4710324754576872, guid: 150b45f671c595749b49a5340ae97fa9,
    type: 2}
  m_PrefabInternal: {fileID: 1923577290}
--- !u!1 &2039559591 stripped
GameObject:
  m_PrefabParentObject: {fileID: 1717714818950472, guid: eb7a4d3ab3d210e429bd9811dcaae756,
    type: 2}
  m_PrefabInternal: {fileID: 324125740}
--- !u!1001 &2050492850
Prefab:
  m_ObjectHideFlags: 0
  serializedVersion: 2
  m_Modification:
    m_TransformParent: {fileID: 1627436464}
    m_Modifications:
    - target: {fileID: 4710324754576872, guid: 150b45f671c595749b49a5340ae97fa9, type: 2}
      propertyPath: m_LocalPosition.x
      value: -3.1804256
      objectReference: {fileID: 0}
    - target: {fileID: 4710324754576872, guid: 150b45f671c595749b49a5340ae97fa9, type: 2}
      propertyPath: m_LocalPosition.y
      value: 0.5
      objectReference: {fileID: 0}
    - target: {fileID: 4710324754576872, guid: 150b45f671c595749b49a5340ae97fa9, type: 2}
      propertyPath: m_LocalPosition.z
      value: 6.68
      objectReference: {fileID: 0}
    - target: {fileID: 4710324754576872, guid: 150b45f671c595749b49a5340ae97fa9, type: 2}
      propertyPath: m_LocalRotation.x
      value: -0
      objectReference: {fileID: 0}
    - target: {fileID: 4710324754576872, guid: 150b45f671c595749b49a5340ae97fa9, type: 2}
      propertyPath: m_LocalRotation.y
      value: -0
      objectReference: {fileID: 0}
    - target: {fileID: 4710324754576872, guid: 150b45f671c595749b49a5340ae97fa9, type: 2}
      propertyPath: m_LocalRotation.z
      value: -0
      objectReference: {fileID: 0}
    - target: {fileID: 4710324754576872, guid: 150b45f671c595749b49a5340ae97fa9, type: 2}
      propertyPath: m_LocalRotation.w
      value: 1
      objectReference: {fileID: 0}
    - target: {fileID: 4710324754576872, guid: 150b45f671c595749b49a5340ae97fa9, type: 2}
      propertyPath: m_RootOrder
      value: 3
      objectReference: {fileID: 0}
    m_RemovedComponents: []
  m_ParentPrefab: {fileID: 100100000, guid: 150b45f671c595749b49a5340ae97fa9, type: 2}
  m_IsPrefabParent: 0
--- !u!4 &2050492851 stripped
Transform:
  m_PrefabParentObject: {fileID: 4710324754576872, guid: 150b45f671c595749b49a5340ae97fa9,
    type: 2}
  m_PrefabInternal: {fileID: 2050492850}
